@article{buck2020go,
author={Buck, Sean and Carter, Ted},
year={2020},
title={Go Navy, beat Army},
journal={Journal of Beating Army},
volume={22},
pages={1845--2022}}

@misc{lieberman2020biomechanical,
author={Lieberman, Dan},
howpublished={\url{http://barefootrunning.fas.harvard.edu/4BiomechanicsofFootStrike.html}},
note={date accessed 29 Apr 2020}}

@article{bramble2004endurance,
author={Bramble, Dennis M and Lieberman, Daniel E},
year={2004},
title={Endurance running and the evolution of {{\emph{{H}omo}}}},
journal={Nature},
volume={432},
pages={345--352}},
doi={10.1038/nature03052}}

@article{lieberman2010foot,
author={Lieberman, Daniel E and Venkadesan, Madhusudhan and Werbel, William A and Daoud, Adam I and D'Andrea, Susan and Davis, Irene S and Mang'Eni, Robert Ojiambo and Pistiladis, Yannis},
year={2010},
title={Foot strike patterns and collision forces in habitually barefoot versus shod runners},
journal={Nature},
volume={463},
pages={531--535},
doi={10.138/nature08723}}

@article{hedrick2008software,
author={Hedrick, Tyson L},
year={2008},
title={Software techniques for two- and three-dimensional kinematic measurements of biological and biomimetic systems},
journal={Bioinspiration \& Biomimetics},
volume={3},
pages={034001},
doi={10.1088/1748-3182/3/3/034001}
}

@article{wickham2019tidyverse,
title = {Welcome to the {tidyverse}},
author = {Hadley Wickham and Mara Averick and Jennifer Bryan and Winston Chang and Lucy D'Agostino McGowan and Romain Fran{\c{c}}ois and Garrett Grolemund and Alex Hayes and Lionel Henry and Jim Hester and Max Kuhn and Thomas Lin Pedersen and Evan Miller and Stephan Milton Bache and Kirill M{\:{u}}ller and Jeroen Ooms and David Robinson and Dana Paige Seidel and Vitalie Spinu and Kohske Takahashi and Davis Vaughan and Claus Wilke and Kara Woo and Hiroaki Yutani},
year = {2019},
journal = {Journal of Open Source Software},
volume = {4},
number = {43},
pages = {1686},
doi = {10.21105/joss.01686},
}
   

@Manual{r2020,
title = {R: A Language and Environment for Statistical Computing},
author = {{R Core Team}},
organization = {R Foundation for Statistical Computing},
address = {Vienna, Austria},
year = {2020},
url = {https://www.R-project.org/},
}

@article{revzen2008estimating,
  title = {Estimating the phase of synchronized oscillators},
  author = {Revzen, Shai and Guckenheimer, John M.},
  journal = {Phys. Rev. E},
  volume = {78},
  issue = {5},
  pages = {051907},
  year = {2008},
  doi = {10.1103/PhysRevE.78.051907},
}
